@Article
{
ref1,
title={Introduction to Quantum Mechanics â€“ Second Edition},
author={David J. Griffiths},
year={2016},
} 

@Article
{
ref2,
title={Two electrons in an external oscillator potential},
journal={Physical review A},
volume={48},
number = {5},
author={M. Taut},
year={1993},
} 