@book{pde,
author = {Aslak Tveito & Ragnar Winther},
title = {Introduction to partial differential equations : a computational approach},
publisher = {Springer},
year = 2005
}

@article{lakoba,
author = {T. Lakoba},
title = {15 The Heat equation in 2 and 3 spatial dimensions},
url = {http://www.cems.uvm.edu/~tlakoba/math337/notes_15.pdf},
}